@online{truebit,
    author = {{Teutsch}, J. and {Reitwie√üner}, C.},
    title = "{A scalable verification solution for blockchains}",
    year = {2017},
    url = {https://people.cs.uchicago.edu/~teutsch/papers/truebit.pdf}
}

@online{golem,
   author = {GOLEM},
   title = "{Golem whitepaper}",
   year = {2017},
   url = {https://golem.network/doc/Golemwhitepaper.pdf},
   urldate = {2017-12-23}
}

@online{ethereum,
   author = {{Wood}, G.},
   title = "{Ethereum: a secure decentralised generalised transaction ledger}",
   year = {2014},
   url = {http://gavwood.com/paper.pdf},
   urldate = {2017-12-23}
}

@online{streamr,
   author = {STREAMR},
   title = "{Streamr whitepaper}",
   year = {2017},
   url = {https://s3.amazonaws.com/streamr-public/streamr-datacoin-whitepaper-2017-07-25-v1_0.pdf},
   urldate = {2017-12-23}
}

biggpus - confirming that modern networks are very big
@article{biggpus,
  author    = {Karen Simonyan and
               Andrew Zisserman},
  title     = {Very Deep Convolutional Networks for Large-Scale Image Recognition},
  journal   = {CoRR},
  volume    = {abs/1409.1556},
  year      = {2014},
  url       = {http://arxiv.org/abs/1409.1556},
  archivePrefix = {arXiv},
  eprint    = {1409.1556},
  timestamp = {Wed, 07 Jun 2017 14:41:51 +0200},
  biburl    = {http://dblp.org/rec/bib/journals/corr/SimonyanZ14a},
  bibsource = {dblp computer science bibliography, http://dblp.org}
}

enforcinghonesty - answer to "what if the dishonesty is spotted"

bitcoinprofitmargins - confirming that bitcoin and crypto mining is very low margin

nondeterministicgpu - as name
@online{nondeterministicgpu,
	author = {Nvidia},
    title = {CUDNN User Guide},
    year = {2017},
    url = {},
    urldate  = {2017-12-23}
}

sgd - general stochastic gradient descent paper
@article{sgd,
  author    = {Sebastian Ruder},
  title     = {An overview of gradient descent optimization algorithms},
  journal   = {CoRR},
  volume    = {abs/1609.04747},
  year      = {2016},
  url       = {http://arxiv.org/abs/1609.04747},
  archivePrefix = {arXiv},
  eprint    = {1609.04747},
  timestamp = {Wed, 07 Jun 2017 14:40:06 +0200},
  biburl    = {http://dblp.org/rec/bib/journals/corr/Ruder16},
  bibsource = {dblp computer science bibliography, http://dblp.org}
}

shufflingbatches - confirming that shuffling the order of batches is good for e network
@article{shufflingbatches,
  author    = {Yoshua Bengio},
  title     = {Practical recommendations for gradient-based training of deep architectures},
  journal   = {CoRR},
  volume    = {abs/1206.5533},
  year      = {2012},
  url       = {http://arxiv.org/abs/1206.5533},
  archivePrefix = {arXiv},
  eprint    = {1206.5533},
  timestamp = {Wed, 07 Jun 2017 14:43:16 +0200},
  biburl    = {http://dblp.org/rec/bib/journals/corr/abs-1206-5533},
  bibsource = {dblp computer science bibliography, http://dblp.org}
}

